<?xml version="1.0" encoding="UTF-8"?><record xmlns="http://www.loc.gov/MARC21/slim" xmlns:cinclude="http://apache.org/cocoon/include/1.0" xmlns:zs="http://www.loc.gov/zing/srw/">
  <leader>00569nz  a2200133n  4500</leader>
  <controlfield tag="001">no 92002901 </controlfield>
  <controlfield tag="003">DLC</controlfield>
  <controlfield tag="005">19920204173711.9</controlfield>
  <controlfield tag="008">920131n| acannaab|          |a aaa     c</controlfield>
  <datafield tag="010" ind1=" " ind2=" ">
    <subfield code="a">no 92002901 </subfield>
  </datafield>
  <datafield tag="040" ind1=" " ind2=" ">
    <subfield code="a">MdU</subfield>
    <subfield code="c">MdU</subfield>
  </datafield>
  <datafield tag="100" ind1="1" ind2="0">
    <subfield code="a">Berthollet, Claude-Louis,</subfield>
    <subfield code="d">1748-1822.</subfield>
    <subfield code="t">Description de l'art du blanchiment par l'acide muriatique oxige휍혖ne휍혖.</subfield>
    <subfield code="l">English</subfield>
  </datafield>
  <datafield tag="400" ind1="1" ind2="0">
    <subfield code="a">Berthollet, Claude-Louis,</subfield>
    <subfield code="d">1748-1822.</subfield>
    <subfield code="t">Essay on the new method of bleaching by means of oxygenated muriatic acid</subfield>
  </datafield>
  <datafield tag="670" ind1=" " ind2=" ">
    <subfield code="a">His Essay on the new method of bleaching by means of oxygenated muriatic acid, 1790.</subfield>
  </datafield>
</record>